@article{cryptoeprint2013879,
author       = {Eli Ben-Sasson and
                Alessandro Chiesa and
                Eran Tromer and
                Madars Virza},
title        = {Succinct Non-Interactive Zero Knowledge for a von Neumann Architecture},
journal = {Cryptology ePrint Archive, Report 2013/879},
year         = {2013},
url         = {https://ia.cr/2013/879},
}
