
@article{2022brandner,
  title={Serverless workflows benchmarking.},
  author={Laurin Brandner},
  year={2022},
  journal = {Master Thesis},
}

@article{2022moeller,
  title={Serverless C++ Executor.},
  author={Lukas M\"oller},
  year={2022},
  journal = {Bachelor Thesis},
}

@article{2022waechter,
  title={Profiling and optimizations of serverless functions.},
  author={Malte W\"achter},
  year={2022},
  journal = {Bachelor Thesis},
}

@article{2022rethy,
  title={Process-as-a-Service computing on modern serverless platforms.},
  author={Gyorgy Rethy},
  year={2022},
  journal = {Master Thesis},
}

