---
---

@article{rico2024uav,
  abbr={ICC},
  title={Optimizing Aerial Base Station Positioning Using Deep Reinforcement Learning in UAV Networks},
  author={Rico Ibáñez, Mario and Akhtarshenas, Azim and López-Pérez, David and Geraci, Giovanni},
  journal={International Conference on Communications},
  year={2024},
  publisher={IEEE},
  abstract={This paper investigates Deep Reinforcement Learning techniques for optimizing UAV-based base station positioning in mobile networks for emergency communications. We develop DRL algorithms for 3D UAV positioning optimization and implement multi-layer environment simulations for realistic testing.},
  bibtex_show={true},
  selected={true},
  preview={uav-networks.jpg}
}

@article{rico2023emotion,
  abbr={CASEIB},
  title={Mejorando el Análisis de Emociones en texto mediante Llama 2},
  author={Rico Ibáñez, Mario and del Amor, Rocío and Naranjo, Valery},
  journal={XLI Congreso Anual de la Sociedad Española de Ingeniería Biomédica},
  pages={670--673},
  year={2023},
  publisher={Universitat Politècnica de València},
  url={https://repositorio.upct.es/handle/10317/13756},
  isbn={978-84-17853-76-1},
  abstract={Research on improving emotion analysis in text using Llama 2 model, contributing to advances in natural language understanding and sentiment analysis.},
  bibtex_show={true},
  selected={true}
}

@thesis{rico2023bachelor,
  title={Deep Reinforcement Learning for UAV Base Station Dynamic Positioning},
  author={Rico Ibáñez, Mario},
  year={2023},
  school={Universitat Politècnica de València},
  type={Bachelor Thesis},
  abstract={Bachelor thesis focusing on applying Deep Reinforcement Learning strategies to optimize the placement and movement of UAV-based base stations in telecommunications networks. The work investigates the applicability of DRL techniques across varied scenarios, including singular 4G layer, multi-layer environments, and several distributions of users.},
  bibtex_show={true}
}

@article{rico2025adversarial,
  abbr={ICML},
  title={Query-free Attacks on Image-to-image Models are Hard to Avoid},
  author={Rico Ibáñez, Mario and Abad Rocamora, Elias and Cevher, Volkan},
  journal={International Conference on Machine Learning},
  year={2025},
  publisher={ICML},
  abstract={We evaluate query-free adversarial attacks targeting image-to-image generative models across different encoder architectures, specifically Variational Autoencoders (VAE) and CLIP image encoders. We investigate the perturbation budget required to effectively induce low quality generations. We observe that neither improving the data quality, nor introducing robust image encoders improves the generation quality under adversarial noise, leaving a gap for future work to investigate effective defenses.},
  bibtex_show={true},
  selected={true},
  preview={adversarial-diffusion.jpg}
}

@article{rico2024evolution,
  title={Evolution Strategies for Deep Reinforcement Learning Pretraining},
  author={Rico Ibáñez, Mario and Fenollosa Arguedas, Saúl and Alphaidze, Tamar},
  journal={EPFL Course Project},
  year={2024},
  abstract={Comprehensive analysis comparing Evolution Strategies with traditional DRL methods across Flappy Bird, Breakout, and MuJoCo environments. We explored ES as both standalone reinforcement learning method and pretraining step for gradient-based algorithms like DQN and PPO.},
  url={https://github.com/talphaidze/Evolution-Strategies-for-Deep-RL-Pretraining},
  bibtex_show={true},
  code={https://github.com/talphaidze/Evolution-Strategies-for-Deep-RL-Pretraining}
}

@article{rico2023multimodal,
  title={Emotion Detection through Audio and Text},
  author={Rico Ibáñez, Mario and others},
  year={2023},
  abstract={Multi-modal emotion recognition system combining audio and text processing for comprehensive sentiment analysis with real-time capabilities. The system integrates multiple data modalities for improved accuracy and implements state-of-the-art NLP and audio processing techniques.},
  url={https://github.com/laurarimi/IA-project/tree/main},
  bibtex_show={true},
  code={https://github.com/laurarimi/IA-project/tree/main}
}

@article{rico2025chatsplaining,
  title={Chatsplaining: EPFL best classmate},
  author={Alphaidze, Tamar and Rico Ibáñez, Mario and Martínez López, Adrián and Lecumberri Arteta, Jon},
  journal={EPFL Course Project},
  year={2025},
  abstract={This project investigates and compares multiple training strategies for natural language understanding using the Qwen/Qwen0.6b-Base language model, with a focus on multiple-choice question answering (MCQA) in STEM domains.},
  bibtex_show={true}
}

@article{rico2025impact,
  title={The Impact of Whole-Slide Image Resolution on Foundation Model Performance in Computational Pathology},
  author={Rico Ibáñez, Mario and López Gala, Daniel and Hurtado Comín, Carlos},
  journal={EPFL Course Project},
  year={2025},
  abstract={Digital pathology leverages deep learning to analyze Whole-Slide Images (WSIs), but foundation models like UNI are typically trained at a fixed magnification. In this paper, we systematically evaluate UNI’s robustness across multiple magnifications using three breast histology datasets (BACH, BRACS, BreakHis).},
  bibtex_show={true}
}